
% ---- end of stuff that was given to Adam, now my stuff I researched ----

@book{barendregt84,
author={H. P. Barendregt},
year={1984},
title={The Lambda Calculus : Its Syntax And Semantics},
publisher={North-Holland},
pages={615},
}

@book{curry58,
author={Haskell B. Curry and Robert Feys},
year={1958},
title={Combinatory Logic},
volume={1},
publisher={North-Holland},
}

@article{church32,
  ISSN = {0003-486X},
  author = {Alonzo Church},
  copyright = {Copyright 1932 Annals of Mathematics},
  journal = {The Annals of Mathematics},
  jstor_articletype = {Full Length Article},
  jstor_date = {193204},
  jstor_formatteddate = {Apr., 1932},
  language = {EN},
  month = {apr},
  number = {2},
  pages = {346--366},
  publisher = {Annals of Mathematics},
  series = {2},
  title = {A Set of Postulates for the Foundation of Logic},
  url = {http://links.jstor.org/sici?sici=0003-486X%28193204%292%3A33%3A2%3C346%3AASOPFT%3E2.0.CO%3B2-9},
  volume = {33},
  year = {1932},
}

@MastersThesis{ csaba93,
  AUTHOR     = {Csaba Csaki},
  YEAR       = {1993},
  TITLE      = {Compiling A Functional Language to Prolog},
  SCHOOL     = {University Of Victoria},
  keywords   = {lambda calculus},
}

@book{hindley86,
author={J. R. Hindley and Jonathan P. Seldin},
year={1986},
title={Introduction to Combinators and \(\lambda\)-Calculus},
publisher={Cambridge University Press},
pages={360},
keywords={Combinatory logic; Lambda calculus},
}

@book{louden03,
author={Kenneth C. Louden},
year={2003},
title={Programming Languages Principles and Practice},
publisher={Course Technology},
pages={694},
edition={2},
isbn={0534953417},
}

@book{spjones87,
author={Simon L. Peyton Jones},
year={1987},
title={The Implementation Of Functional Programming Languages},
series={Prentice-Hall International Series In Computer Science},
publisher={Prentice/Hall International},
pages={445},
keywords={Functional programming languages},
}

@book{stoy81,
author={Joseph Stoy},
title={Denotational semantics},
publisher={MIT Press},
year={1981}
}

@Article{Schnfinkel24,
  author =	{Moses Sch{\"o}nfinkel},
  title =	{{\"U}ber die Bausteine der mathematischen Logik},
  journal =	{Mathematische Annalen},
  volume =	{92},
  pages =	{305--316},
  year = 	{1924},
  keywords =	{combinators curried functional schoenfinkel
		 schonfinkel ueber uber}
}

@inproceedings{Curtis05,
 author = {S. A. Curtis},
 title = {Word puzzles in Haskell: interactive games for functional programming exercises},
 booktitle = {FDPE '05: Proceedings of the 2005 Workshop on Functional and Declarative Programming in Education},
 year = {2005},
 isbn = {1-59593-067-1},
 pages = {15--18},
 location = {Tallinn, Estonia},
 doi = {http://doi.acm.org/10.1145/1085114.1085119},
 publisher = {ACM},
 address = {New York, NY, USA},
 }

@book{htdpbook,
  author = {Matthias Felleisen and Robert Bruce Findler and Matthew Flatt and Shiram Krishnamurthi},
	title={How to Design Programs},
	publisher={MIT Press},
	year={2001}
}

@MastersThesis{ Wu95,
  AUTHOR     = {Xiaomin Wu},
  YEAR       = {1995},
  TITLE      = {Visualization of Version Control Information},
  SCHOOL     = {University Of Victoria},
  keywords   = {Visualization}
}

@book{SICPbook,
	AUTHOR     = {Gerald Jay Sussman and Julie Sussman and Harold Abelson},
	TITLE      = {Structure and Interpretation of Computer Programs},
	EDITION    = {2nd},
	YEAR       = {1996},
	PUBLISHER  = {MIT Press}
}

@book{AIAMA,
	AUTHOR     = {Stuart Russell and Peter Norvig},
	TITLE      = {Artificial Intelligence: A Modern Approach},
	EDITION    = {2nd},
	YEAR       = {2003},
	PUBLISHER  = {Prentice Hall}
}

@phdthesis{Conway97,
 author = {Matthew John Conway},
 note = {Adviser-Randy Pauch},
 title = {Alice: easy-to-learn three-dimensional scripting for novices},
 school = {University of Virginia},
 year = {1998},
 isbn = {0-591-94345-X},
 order_no = {AAI9840465},
 publisher = {University of Virginia},
 address = {Charlottesville, VA, USA},
 }

@article{sudoku08,
 author = {Axel T. Schreiner and James E. Heliotis},
 title = {Sudoku: a little lesson in OOP},
 journal = {SIGCSE Bull.},
 volume = {40},
 number = {2},
 year = {2008},
 issn = {0097-8418},
 pages = {44--47},
 doi = {http://doi.acm.org/10.1145/1383602.1383632},
 publisher = {ACM},
 address = {New York, NY, USA},
 }

@misc{sudokuHaskell,
  author = {Brian Alliet},
  title = {Sudoku Solver},
  year = {2005},
  howpublished = {\url{http://darcs.brianweb.net/sudoku/Sudoku.pdf}},
}


@misc{evans07,
 author = "Luke Evans and Bo Ilic and Edward Lam",
 title = "The Gem Cutter: A Graphical Tool for Creating Functions in the Strongly-typed Lazy Functional Language {CAL}",
 year = "2007",
 howpublished = "\url{http://openquark.org/Documents/gemcutter-techpaper.pdf}",
 }
 
@misc{Ilic07,
 author = {Bo Ilic},
 title = {CAL For Haskell Programmers},
 year  = {2007},
 howpublished = {\url{http://openquark.org/Documents/cal_for_haskell_programmers.pdf}}
}
 
@misc{javaMeetsQuark,
 author = {Luke Evans and Edward Lam and Rick Cameron and Magnus Byne and Joseph Wong},
 title = {Java Meets Quark},
 year = 2007,
 howpublished = "\url{http://openquark.org/Documents/java_meets_quark.pdf}"
}

@misc{evans06,
 author = "Luke Evans and Neil Corkum",
 title = "Business Objects Gem Cutter Manual",
 year = "2006",
 howpublished = "\url{http://openquark.org/Documents/gem_cutter_manual.pdf}",
 }

@misc{bobjNews,
 title = "The Open Quark Framework for Java and the CAL Language Homepage",
 author = "Business Objects",
 howpublished = "\url{http://labs.businessobjects.com/cal/}",
}

@misc{alice,
 title = "Alice - An Educational Software that teaches students computer programming in a 3D environment",
 howpublished = "\url{http://www.alice.org}"
 }

@misc{scala,
 title = {The Scala Programming Language},
 howpublished = {\url{http://www.scala-lang.org/}}
}

@misc{scratch,
 title = "Scratch",
 howpublished = "\url{http://scratch.mit.edu/}"
}

@inproceedings{Pausch03,
 author = {Stephen Cooper and Wanda Dann and Randy Pausch},
 title = {Teaching objects-first in introductory computer science},
 booktitle = {SIGCSE '03: Proceedings of the 34th SIGCSE technical symposium on Computer science education},
 year = {2003},
 isbn = {1-58113-648-X},
 pages = {191--195},
 location = {Reno, Navada, USA},
 doi = {http://doi.acm.org/10.1145/611892.611966},
 publisher = {ACM},
 address = {New York, NY, USA},
 keywords = {Alice},
 }

@article{Brown08,
 author = {Peter H. Brown},
 title = {Some field experience with Alice},
 journal = {J. Comput. Small Coll.},
 volume = {24},
 number = {2},
 year = {2008},
 issn = {1937-4771},
 pages = {213--219},
 publisher = {Consortium for Computing Sciences in Colleges},
 address = {, USA},
 }

@article{Green96,
title = {Usability Analysis of Visual Programming Environments: A {`}Cognitive Dimensions{'} Framework},
author = {Thomas R. G. Green and Marian Petre},
journal = {Journal of Visual Languages and Computing},
month = {June},
number = {2},
pages = {131-174},
volume = {7},
year = {1996},
} 

@phdthesis{Kelso02,
  author	= {Joel Kelso},
  title		= {A Visual Programming Environment for Functional Languages},
  year		= {2002},
  school	= {Department of Engineering, Murdoch University},
  URL		= {http://www.csse.uwa.edu.au/~joel/vfpe/}
}

@article{Farooq06,
 author = {Umer Farooq},
 title = {Eureka! Past, Present, and Future of Creativity Research in HCI},
 journal = {Crossroads},
 volume = {12},
 number = {3},
 year = {2006},
 issn = {1528-4972},
 pages = {8--8},
 doi = {http://doi.acm.org/10.1145/1144366.1144374},
 publisher = {ACM},
 address = {New York, NY, USA},
 }

@inproceedings{Gooch08,
 author = {Yolanda Rankin and Amy Gooch and Bruce Gooch},
 title = {The impact of game design on students' interest in CS},
 booktitle = {GDCSE '08: Proceedings of the 3rd international conference on Game development in computer science education},
 year = {2008},
 isbn = {978-1-60558-057-9},
 pages = {31--35},
 location = {Miami, Florida},
 doi = {http://doi.acm.org/10.1145/1463673.1463680},
 publisher = {ACM},
 address = {New York, NY, USA},
 }

@inproceedings{Barnes08,
 author = {Tiffany Barnes and Eve Powell and Amanda Chaffin and Heather Lipford},
 title = {Game2Learn: improving the motivation of CS1 students},
 booktitle = {GDCSE '08: Proceedings of the 3rd international conference on Game development in computer science education},
 year = {2008},
 isbn = {978-1-60558-057-9},
 pages = {1--5},
 location = {Miami, Florida},
 doi = {http://doi.acm.org/10.1145/1463673.1463674},
 publisher = {ACM},
 address = {New York, NY, USA},
 }
 
 @article{Walker03,
 author = {Henry M. Walker},
 title = {Do computer games have a role in the computing classroom?},
 journal = {SIGCSE Bull.},
 volume = {35},
 number = {4},
 year = {2003},
 issn = {0097-8418},
 pages = {18--20},
 doi = {http://doi.acm.org/10.1145/960492.960508},
 publisher = {ACM},
 address = {New York, NY, USA},
 }

@inproceedings{Huch05,
 author = {Rudolf Berghammer and Frank Huch},
 title = {From functional to object-oriented programming: a smooth transition for beginners},
 booktitle = {FDPE '05: Proceedings of the 2005 workshop on Functional and declarative programming in education},
 year = {2005},
 isbn = {1-59593-067-1},
 pages = {3--8},
 location = {Tallinn, Estonia},
 doi = {http://doi.acm.org/10.1145/1085114.1085117},
 publisher = {ACM},
 address = {New York, NY, USA},
 }

@article{Flatt04,
 author = {Matthias Felleisen and Robert Bruce Findler and Matthew Flatt and Shriram Krishnamurthi},
 title = {The structure and interpretation of the computer science curriculum},
 journal = {J. Funct. Program.},
 volume = {14},
 number = {4},
 year = {2004},
 issn = {0956-7968},
 pages = {365--378},
 doi = {http://dx.doi.org/10.1017/S0956796804005076},
 publisher = {Cambridge University Press},
 address = {New York, NY, USA},
 }

@article{Wadler87,
 author = {Philip Wadler},
 title = {A critique of Abelson and Sussman or why calculating is better than scheming},
 journal = {SIGPLAN Not.},
 volume = {22},
 number = {3},
 year = {1987},
 issn = {0362-1340},
 pages = {83--94},
 doi = {http://doi.acm.org/10.1145/24697.24706},
 publisher = {ACM},
 address = {New York, NY, USA},
 }

@article{Bos98,
  author    = {L{\'a}szl{\'o} B{\"o}sz{\"o}rm{\'e}nyi},
  title     = {Why Java is not my favorite first-course language},
  journal   = {Software - Concepts and Tools},
  volume    = {19},
  number    = {3},
  year      = {1998},
  pages     = {141-145},
  ee        = {http://link.springer.de/link/service/journals/00378/bibs/8019003/80190141.htm},
  bibsource = {DBLP, http://dblp.uni-trier.de}
}

@article{Manaris07,
 author = {Bill Manaris},
 title = {Dropping CS enrollments: or the emperor's new clothes?},
 journal = {SIGCSE Bull.},
 volume = {39},
 number = {4},
 year = {2007},
 issn = {0097-8418},
 pages = {6--10},
 doi = {http://doi.acm.org/10.1145/1345375.1345377},
 publisher = {ACM},
 address = {New York, NY, USA},
 }

@Article{Ward08,
  title =	{Computer Science Enrollments Drop},
  author =	{Bob Ward},
  journal =	{IEEE Computer},
  year = 	{2008},
  number =	{4},
  volume =	{41},
  bibdate =	{2008-04-27},
  bibsource =	{DBLP,
		 http://dblp.uni-trier.de/db/journals/computer/computer41.html#Ward08d},
  pages =	{87--89},
  URL =  	{\url{http://doi.ieeecomputersociety.org/10.1109/MC.2008.115}},
}

@Article{Vesgo07,
  title = {Continued Drop in CS Bachelor's Degree Production and Enrollments as the Number of New Majors Stabalizes},
  author = {J. Vesgo},
  journal = {Computing Research News},
  volume = {19},
  number = {2},
  year = {2007},
}

@inproceedings{Carter06,
 author = {Lori Carter},
 title = {Why students with an apparent aptitude for computer science don't choose to major in computer science},
 booktitle = {SIGCSE '06: Proceedings of the 37th SIGCSE technical symposium on Computer science education},
 year = {2006},
 isbn = {1-59593-259-3},
 pages = {27--31},
 location = {Houston, Texas, USA},
 doi = {http://doi.acm.org/10.1145/1121341.1121352},
 publisher = {ACM},
 address = {New York, NY, USA},
 }

@article{Bloch08,
 author = {Stephen Bloch},
 title = {Teach scheme, reach Java: introducing object-oriented programmming without drowning in syntax},
 journal = {J. Comput. Small Coll.},
 volume = {23},
 number = {3},
 year = {2008},
 issn = {1937-4771},
 pages = {119--119},
 publisher = {Consortium for Computing Sciences in Colleges},
 address = {, USA},
 }

@ARTICLE{Overmars05,
title={Learning object-oriented design by creating games},
author={Mark Overmars},
journal={Potentials, IEEE},
year={2005},
month={2004-Jan.},
volume={23},
number={5},
pages={ 11-13},
keywords={ computer games, graphical user interfaces, object-oriented programming Game Maker interface, computer games, event-driven approach, object-oriented design, rapid-application development tool},
doi={10.1109/MP.2005.1368910},
ISSN={0278-6648}, }

@TECHREPORT{Overmars04,
author = {Mark Overmars},
year = 2004,
title = {Game Design in Education},
number = {UU-CS-2004-056},
institution = {Department of Information and Computing Sciences, Utrecht University},
urlpdf = {{http://www.cs.uu.nl/research/techreps/repo/CS-2004/2004-056.pdf}},
pubcat = {techreport}
}

@inproceedings{Sweedyk05,
 author = {Elizabeth Sweedyk and Marianne deLaet and Michael C. Slattery and James Kuffner},
 title = {Computer games and CS education: why and how},
 booktitle = {SIGCSE '05: Proceedings of the 36th SIGCSE technical symposium on Computer science education},
 year = {2005},
 isbn = {1-58113-997-7},
 pages = {256--257},
 location = {St. Louis, Missouri, USA},
 doi = {http://doi.acm.org/10.1145/1047344.1047433},
 publisher = {ACM},
 address = {New York, NY, USA},
 }

@inproceedings{Cliburn08,
 author = {Daniel C. Cliburn and Susan Miller},
 title = {Games, stories, or something more traditional: the types of assignments college students prefer},
 booktitle = {SIGCSE '08: Proceedings of the 39th SIGCSE technical symposium on Computer science education},
 year = {2008},
 isbn = {978-1-59593-799-5},
 pages = {138--142},
 location = {Portland, OR, USA},
 doi = {http://doi.acm.org/10.1145/1352135.1352184},
 publisher = {ACM},
 address = {New York, NY, USA},
 }

@inproceedings{Pausch08,
 author = {Randy Pausch},
 title = {Alice: a dying man's passion},
 booktitle = {SIGCSE '08: Proceedings of the 39th SIGCSE technical symposium on Computer science education},
 year = {2008},
 isbn = {978-1-59593-799-5},
 pages = {1--1},
 location = {Portland, OR, USA},
 doi = {http://doi.acm.org/10.1145/1352135.1352137},
 publisher = {ACM},
 address = {New York, NY, USA},
 }

@INPROCEEDINGS{Cliburn06,
title={The Effectiveness of Games as Assignments in an Introductory Programming Course},
author={Daniel C. Cliburn},
journal={Frontiers in Education Conference, 36th Annual},
booktitle={Frontiers in Education Conference, 36th Annual},
year={2006},
month={Oct.},
volume={},
number={},
pages={6-10},
keywords={computer games, computer science education, educational courses, human factors, programmingcomputer game, computer science education, course enjoyment, introductory programming course, programming assignment, programming project, psychological motivation},
doi={10.1109/FIE.2006.322314},
ISSN={0190-5848},
}

@misc{green98,
	author={Thomas R. Green and Alan F. Blackwell},
	title={A Tutorial On Cognitive Dimensions},
	year={1998},
	howpublished={\url{http://www.cl.cam.ac.uk/users/afb21/publications/CDtutSep98.pdf}}
}

@inproceedings{DiSalvo09,
 author = {Betsy James DiSalvo and Amy Bruckman},
 title = {Questioning video games' influence on CS interest},
 booktitle = {FDG '09: Proceedings of the 4th International Conference on Foundations of Digital Games},
 year = {2009},
 isbn = {978-1-60558-437-9},
 pages = {272--278},
 location = {Orlando, Florida},
 doi = {http://doi.acm.org/10.1145/1536513.1536561},
 publisher = {ACM},
 address = {New York, NY, USA},
 }

@inproceedings{Bayliss09,
 author = {Jessica D. Bayliss},
 title = {Using games in introductory courses: tips from the trenches},
 booktitle = {SIGCSE '09: Proceedings of the 40th ACM technical symposium on Computer science education},
 year = {2009},
 isbn = {978-1-60558-183-5},
 pages = {337--341},
 location = {Chattanooga, TN, USA},
 doi = {http://doi.acm.org/10.1145/1508865.1508989},
 publisher = {ACM},
 address = {New York, NY, USA},
 }

@article{cc2001,
 author = {The Joint Task Force on Computing Curricula, CORPORATE},
 title = {Computing curricula 2001},
 journal = {J. Educ. Resour. Comput.},
 issn = {1531-4278},
 pages = {1},
 doi = {http://doi.acm.org/10.1145/384274.384275},
 publisher = {ACM},
 address = {New York, NY, USA},
 year = {2001},
 }

@misc{cs2008,
 title = {Computer Science Curriculum 2008: An Interim Revision of CS 2001},
 howpublished = {\url{http://www.acm.org//education/curricula/ComputerScience2008.pdf}}
}

@inproceedings{Mahmoud04,
 author = {Qusay H. Mahmoud and Wlodek Dobosiewicz and David Swayne},
 title = {Redesigning introductory computer programming with HTML, JavaScript, and Java},
 booktitle = {SIGCSE '04: Proceedings of the 35th SIGCSE technical symposium on Computer science education},
 year = {2004},
 isbn = {1-58113-798-2},
 pages = {120--124},
 location = {Norfolk, Virginia, USA},
 doi = {http://doi.acm.org/10.1145/971300.971344},
 publisher = {ACM},
 address = {New York, NY, USA},
 }

@Article{Benander04,
  author =	{Alan Benander and Barbara Benander and Janche Sang},
  title =	{Factors related to the difficulty of learning to
		 program in {Java} --- an empirical study of non-novice
		 programmers},
  journal =	{Information and Software Technology},
  volume =	{46},
  number =	{2},
  pages =	{99--107},
  year = 	{2004},
}

@inproceedings{Jenkins02,
  author = {Tony Jenkins},
  title = {On the Difficulty of Learning to Program},
  year = {2002},
  journal = {3rd annual Conference of LTSN-ICS},
  booktitle = {3rd annual Conference of LTSN-ICS},
  location = {Loughbourgh},
 }
 
@article{Hundhausen09,
 author = {Christopher D. Hundhausen and Sean F. Farley and Jonathan L. Brown},
 title = {Can direct manipulation lower the barriers to computer programming and promote transfer of training?: An experimental study},
 journal = {ACM Trans. Comput.-Hum. Interact.},
 volume = {16},
 number = {3},
 year = {2009},
 issn = {1073-0516},
 pages = {1--40},
 doi = {http://doi.acm.org/10.1145/1592440.1592442},
 publisher = {ACM},
 address = {New York, NY, USA},
 }

@article{Kelleher05,
 author = {Caitlin Kelleher and Randy Pausch},
 title = {Lowering the barriers to programming: A taxonomy of programming environments and languages for novice programmers},
 journal = {ACM Comput. Surv.},
 volume = {37},
 number = {2},
 year = {2005},
 issn = {0360-0300},
 pages = {83--137},
 doi = {http://doi.acm.org/10.1145/1089733.1089734},
 publisher = {ACM},
 address = {New York, NY, USA},
 }

@article{Beaubouef05,
 author = {Theresa Beaubouef and John Mason},
 title = {Why the high attrition rate for computer science students: some thoughts and observations},
 journal = {SIGCSE Bull.},
 volume = {37},
 number = {2},
 year = {2005},
 issn = {0097-8418},
 pages = {103--106},
 doi = {http://doi.acm.org/10.1145/1083431.1083474},
 publisher = {ACM},
 address = {New York, NY, USA},
 }

@inproceedings{Radenski06,
 author = {Atanas Radenski},
 title = {Python first: a lab-based digital introduction to computer science},
 booktitle = {ITICSE '06: Proceedings of the 11th annual SIGCSE conference on Innovation and technology in computer science education},
 year = {2006},
 doi = {http://doi.acm.org/10.1145/1140124.1140177},
 publisher = {ACM},
 }
 
@article{Shannon03,
 author = {Christine Shannon},
 title = {Another breadth-first approach to CS I using python},
 journal = {SIGCSE Bull.},
 volume = {35},
 number = {1},
 year = {2003},
 issn = {0097-8418},
 pages = {248--251},
 doi = {http://doi.acm.org/10.1145/792548.611980},
 publisher = {ACM},
 address = {New York, NY, USA},
 }

@article{Agarwal05,
 author = {Krishna K. Agarwal and Achla Agarwal},
 title = {Python for CS1, CS2 and beyond},
 journal = {J. Comput. Small Coll.},
 volume = {20},
 number = {4},
 year = {2005},
 issn = {1937-4771},
 pages = {262--270},
 publisher = {Consortium for Computing Sciences in Colleges},
 address = {, USA},
 }

@article{Agarwal08,
 author = {Krishna K. Agarwal and Achla Agarwal and M. Emre Celebi},
 title = {Python puts a squeeze on java for CS0 and beyond},
 journal = {J. Comput. Small Coll.},
 volume = {23},
 number = {6},
 year = {2008},
 issn = {1937-4771},
 pages = {49--57},
 publisher = {Consortium for Computing Sciences in Colleges},
 address = {, USA},
 }

@article{Necaise08,
 author = {Rance D. Necaise},
 title = {Transitioning from Java to Python in CS2},
 journal = {J. Comput. Small Coll.},
 volume = {24},
 number = {2},
 year = {2008},
 issn = {1937-4771},
 pages = {92--97},
 publisher = {Consortium for Computing Sciences in Colleges},
 address = {, USA},
 }

@article{curtis89,
  title =	{Experimental evaluation of software documentation
		 formats},
  author =	{Bill Curtis and Sylvia B. Sheppard and Elizabeth
		 Kruesi-Bailey and John W. Bailey and Deborah A.
		 Boehm-Davis},
  journal =	{Journal of Systems and Software},
  year = 	{1989},
  number =	{2},
  volume =	{9},
  bibdate =	{2006-02-01},
  pages =	{167--207},
  URL =  	{http://dx.doi.org/10.1016/0164-1212(89)90019-8},
}

@article{Reisner93,
  title =	{APT: A Description of User Interface Inconsistency},
  author =	{Phyllis Reisner},
  journal =	{International Journal of Man-Machine Studies},
  year = 	{1993},
  number =	{2},
  volume =	{39},
  bibdate =	{2003-11-25},
  bibsource =	{DBLP, http://dblp.uni-trier.de/db/journals/ijmms/ijmms39.html#Reisner93},
  pages =	{215--236},
}

@inproceedings{Green00,
 author = {Thomas R. G. Green},
 title = {Instructions and descriptions: some cognitive aspects of programming and similar activities},
 booktitle = {AVI '00: Proceedings of the working conference on Advanced visual interfaces},
 year = {2000},
 isbn = {1-58113-252-2},
 pages = {21--28},
 location = {Palermo, Italy},
 doi = {http://doi.acm.org/10.1145/345513.345233},
 publisher = {ACM},
 address = {New York, NY, USA},
 }

@inproceedings{Pears07,
 author = {Arnold Pears and Stephen Seidman and Lauri Malmi and  Linda Mannila and Elizabeth Adams and Jens Bennedsen and Marie Devlin and James Paterson},
 title = {A survey of literature on the teaching of introductory programming},
 booktitle = {ITiCSE-WGR '07: Working group reports on ITiCSE on Innovation and technology in computer science education},
 year = {2007},
 pages = {204--223},
 location = {Dundee, Scotland},
 doi = {http://doi.acm.org/10.1145/1345443.1345441},
 publisher = {ACM},
 address = {New York, NY, USA},
 }

@article{Felleisen04,
    author = {Matthias Felleisen and Robert Bruce Findler and Matthew Flatt and Shriram Krishnamurthi},
    title = {The TeachScheme! Project: Computing and Programming for Every Student},
  journal =	{Computer Science Education},
  year = 	{2004},
  number =	{1},
  volume =	{14},
  pages =	{55-77},
}


@misc{Giguere87,
 title = {Reading C Declarations: A Guide for the Mystified},
 author = {Eric Giguere},
 year = {1987},
 howpublished = "\url{http://www.ericgiguere.com/articles/reading-c-declarations.html}"
 }

@misc{parkin08,
 author = {Adam Parkin},
 title = {SENG 330 OpenQuark PreLab},
 year = {2008},
 howpublished = "\url{http://webhome.csc.uvic.ca/~aparkin/quark/s330prelab.pdf}",
 }

@misc{teachScheme,
 title = {The TeachScheme/ReachJava Project},
 howpublished = "\url{http://www.teach-scheme.org/}",
 }

@misc{python,
 title = {Python Programming Language},
 howpublished = "\url{http://python.org/}",
 }
 
@inproceedings{Astrachan05,
 author = {Owen Astrachan and Kim Bruce and Elliot Koffman and Michael K\"{o}lling and Stuart Reges},
 title = {Resolved: objects early has failed},
 booktitle = {SIGCSE '05: Proceedings of the 36th SIGCSE technical symposium on Computer science education},
 year = {2005},
 isbn = {1-58113-997-7},
 pages = {451--452},
 location = {St. Louis, Missouri, USA},
 doi = {http://doi.acm.org/10.1145/1047344.1047359},
 publisher = {ACM},
 address = {New York, NY, USA},
 }

@article{Hu04,
 author = {Chenglie Hu},
 title = {Rethinking of Teaching Objects-First},
 journal = {Education and Information Technologies},
 volume = {9},
 number = {3},
 year = {2004},
 issn = {1360-2357},
 pages = {209--218},
 doi = {http://dx.doi.org/10.1023/B:EAIT.0000042040.90232.88},
 publisher = {Kluwer Academic Publishers},
 address = {Hingham, MA, USA},
 }

@book{teachingTips,
 author = {Wilbert J. McKeachie},
 Title = {Teaching Tips: A Guidebook for the Beginning College Teacher},
 Publisher = {Houghton Mifflin},
 Address = {Boston},
 Edition = {8th},
 Series = {College Teaching Series},
 Year = {1986},
}

@Article{Dijkstra89,
  author =	{Edsger W. Dijkstra},
  title =	{On the Cruelty of Really Teaching Computing Science},
  journal = {CACM: Communications of the ACM},
  volume =	{32},
  year = 	{1989},
}

@MastersThesis{Church06,
  AUTHOR     = {Derek Church},
  YEAR       = {2006},
  TITLE      = {Decision support for managing security complexity in software development},
  SCHOOL     = {University Of Victoria},
}

@Book{Carse87,
  author =	{James P. Carse},
  title =	{Finite and Infinite Games --- A Vision of Life as Play and Possibility},
  publisher =	{Ballantine Books},
  ISBN = 	{978-0345341846},
  year = 	{1987},
}

@misc{Gray51,
       author = {Thomas Gray},
       title = {Elegy Written in a Country Churchyard},
       year = {1751},
}

@inproceedings{Lister06,
 author = {Raymond Lister and Anders Berglund and Tony Clear and Joe Bergin and Kathy Garvin-Doxas and Brian Hanks 
           and Lew Hitchner and Andrew Luxton-Reilly and Kate Sanders and Carsten Schulte and Jacqueline L. Whalley},
 title = {Research perspectives on the objects-early debate},
 booktitle = {ITiCSE-WGR '06: Working group reports on ITiCSE on Innovation and technology in computer science education},
 year = {2006},
 isbn = {1-59593-603-3},
 pages = {146--165},
 location = {Bologna, Italy},
 doi = {http://doi.acm.org/10.1145/1189215.1189183},
 publisher = {ACM},
 address = {New York, NY, USA},
 }

@Article{Turing50,
  author =	{Alan M. Turing},
  title =	{Computing Machinery and Intelligence},
  journal = {Mind},
  volume =	{59},
  number =	{236},
  month =	{October},
  year = 	{1950},
  pages =	{433--60},
  ISSN = 	{0026-4423},
}

@article{Wittgenstein22,
  author = {Ludwig Wittgenstein},
  editor = {D.F.Pears},
  journal = {London: Routledge, 1981},
  title = {Tractatus Logico-Philosophicus},
  year = {1922},
}

@inproceedings{Natvig04,
 author = {Lasse Natvig and Steinar Line},
 title = {Age of computers: game-based teaching of computer fundamentals},
 booktitle = {ITiCSE '04: Proceedings of the 9th annual SIGCSE conference on Innovation and technology in computer science education},
 year = {2004},
 isbn = {1-58113-836-9},
 pages = {107--111},
 location = {Leeds, United Kingdom},
 doi = {http://doi.acm.org/10.1145/1007996.1008026},
 publisher = {ACM},
 address = {New York, NY, USA},
 }

@article{Leutenegger07,
 author = {Scott Leutenegger and Jeffrey Edgington},
 title = {A games first approach to teaching introductory programming},
 journal = {SIGCSE Bull.},
 volume = {39},
 number = {1},
 year = {2007},
 issn = {0097-8418},
 pages = {115--118},
 doi = {http://doi.acm.org/10.1145/1227504.1227352},
 publisher = {ACM},
 address = {New York, NY, USA},
 }

@article{Murray06,
 author = {Janet Murray and Ian Bogost and Michael Mateas and Michael Nitsche},
 title = {Game Design Education: Integrating Computation and Culture},
 journal = {Computer},
 volume = {39},
 number = {6},
 year = {2006},
 issn = {0018-9162},
 pages = {43--51},
 doi = {http://dx.doi.org/10.1109/MC.2006.195},
 publisher = {IEEE Computer Society Press},
 address = {Los Alamitos, CA, USA},
 }

@article{Zyda06,
 author = {Michael Zyda},
 title = {Guest Editor's Introduction: Educating the Next Generation of Game Developers},
 journal = {Computer},
 volume = {39},
 number = {6},
 year = {2006},
 issn = {0018-9162},
 pages = {30--34},
 doi = {http://dx.doi.org/10.1109/MC.2006.197},
 publisher = {IEEE Computer Society Press},
 address = {Los Alamitos, CA, USA},
 }


@article{Camp02,
 author = {Denise G\"{u}rer and Tracy Camp},
 title = {An ACM-W literature review on women in computing},
 journal = {SIGCSE Bull.},
 volume = {34},
 number = {2},
 year = {2002},
 issn = {0097-8418},
 pages = {121--127},
 doi = {http://doi.acm.org/10.1145/543812.543844},
 publisher = {ACM},
 address = {New York, NY, USA},
 }

@article{Carmichael08,
 author = {Gail Carmichael},
 title = {Girls, computer science, and games},
 journal = {SIGCSE Bull.},
 volume = {40},
 number = {4},
 year = {2008},
 issn = {0097-8418},
 pages = {107--110},
 doi = {http://doi.acm.org/10.1145/1473195.1473233},
 publisher = {ACM},
 address = {New York, NY, USA},
 }

@phdthesis{Kelleher06,
  author	= {Caitlin Kelleher},
  title		= {Motivating Programming: Using Storytelling To Make Computer Programming Attractive To Middle School Girls},
  year		= {2006},
  school	= {School of Computer Science, Carnegie Mellon University},
  URL		= {www.cs.cmu.edu/~caitlin/kelleherThesis_CSD.pdf}
}

@article{Wallace06,
 author = {Scott A. Wallace and Andrew Nierman},
 title = {Addressing the need for a java based game curriculum},
 journal = {J. Comput. Small Coll.},
 volume = {22},
 number = {2},
 year = {2006},
 issn = {1937-4771},
 pages = {20--26},
 publisher = {Consortium for Computing Sciences in Colleges},
 address = {, USA},
 }

@misc{Thetech06,
  author = {Waseem S. Daher},
  title = {EECS Revamps Course Structure},
  year = {2006},
  month = {February},
  howpublished = "\url{http://tech.mit.edu/V125/N65/coursevi.html}",
}

@book{Adams84,
  author = {Douglas Adams},
  title = {So Long And Thanks For All The Fish},
  publisher = {Pan Macmillan UK},
  year = {1984},
  ISBN = {0-345-39183-7},
}